@article{pfeifer2008cellular,
  title={A cellular automaton framework for infectious disease spread simulation},
  author={Pfeifer, Bernhard and Kugler, Karl and Tejada, Maria M and Baumgartner, Christian and Seger, Michael and Osl, Melanie and Netzer, Michael and Handler, Michael and Dander, Andreas and Wurz, Manfred and others},
  journal={The open medical informatics journal},
  volume={2},
  pages={70},
  year={2008},
  publisher={Bentham Science Publishers}
}
@article{hethcote2000mathematics,
  title={The mathematics of infectious diseases},
  author={Hethcote, Herbert W},
  journal={SIAM review},
  volume={42},
  number={4},
  pages={599--653},
  year={2000},
  publisher={SIAM}
}
@inproceedings{johnson2009mathematical,
  title={Mathematical modeling of diseases: Susceptible-infected-recovered (SIR) model},
  author={Johnson, Teri and McQuarrie, Barry},
  booktitle={University of Minnesota, Morris, Math 4901 Senior Seminar},
  year={2009}
}
@inproceedings{kermack1927contribution,
  title={A contribution to the mathematical theory of epidemics},
  author={Kermack, William O and McKendrick, Anderson G},
  booktitle={Proceedings of the Royal Society of London A: mathematical, physical and engineering sciences},
  volume={115},
  number={772},
  pages={700--721},
  year={1927},
  organization={The Royal Society}
}

%extensions
@article{allen1994some,
  title={Some discrete-time SI, SIR, and SIS epidemic models},
  author={Allen, Linda JS},
  journal={Mathematical biosciences},
  volume={124},
  number={1},
  pages={83--105},
  year={1994},
  publisher={Elsevier}
}
@article{jin2007sirs,
  title={An SIRS model with a nonlinear incidence rate},
  author={Jin, Yu and Wang, Wendi and Xiao, Shiwu},
  journal={Chaos, Solitons \& Fractals},
  volume={34},
  number={5},
  pages={1482--1497},
  year={2007},
  publisher={Elsevier}
}
@article{korobeinikov2004lyapunov,
  title={Lyapunov functions and global properties for SEIR and SEIS epidemic models},
  author={Korobeinikov, Andrei},
  journal={Mathematical Medicine and Biology},
  volume={21},
  number={2},
  pages={75--83},
  year={2004}
}
@article{li1995global,
  title={Global stability for the SEIR model in epidemiology},
  author={Li, Michael Y and Muldowney, James S},
  journal={Mathematical biosciences},
  volume={125},
  number={2},
  pages={155--164},
  year={1995},
  publisher={Elsevier}
}
@inproceedings{anguelov2009comparison,
  title={Comparison of some standard and nonstandard numerical methods for the MSEIR epidemiological model},
  author={Anguelov, Roumen and Dumont, Yves and Lubuma, Jean and Shillor, Meir and Simos, Theodore E and Psihoyios, George and Tsitouras, Ch},
  booktitle={AIP Conference Proceedings},
  volume={1168},
  number={1},
  pages={1209--1212},
  year={2009},
  organization={AIP}
}

%extensions